@misc{berg_2017, title={Na afblazen landelijk epd wordt aan vervanger gewerkt waarbij patiënt bepaalt welke informatie gedeeld wordt}, url={https://www.volkskrant.nl/wetenschap/na-afblazen-landelijk-epd-wordt-aan-vervanger-gewerkt-waarbij-patient-bepaalt-welke-informatie-gedeeld-wordt~bb8b3d83/}, journal={De Volkskrant}, publisher={De Volkskrant}, author={Berg, Jurre van den}, year={2017}, month={Nov}}

@Article{Hooghiemstra2001,
	author="Hooghiemstra, T. F. M.",
	title="Pati{\"e}nten en internet",
	journal="Tijdschrift voor Gezondheidsrecht",
	year="2001",
	month="Jul",
	day="01",
	volume="25",
	number="7",
	pages="162",
	abstract="Internet is een netwerk van computers die met elkaar communiceren op basis van een internetprotocol.In feite wordt internet gevormd door een verzameling technische afspraken over de manier waarop computers met elkaar communiceren. Het is een wereldwijd netwerk van computers die met elkaar verbonden zijn, waardoor miljoenen mensen in staat zijn met elkaar te communiceren in de ``cyberspace'' en snel toegang te krijgen tot informatie uit de hele wereld.",
	issn="1875-6794",
	doi="10.1007/BF03055882",
	url="https://doi.org/10.1007/BF03055882"
}

@mastersthesis{mies2010invoeren,
	title={Invoeren van een elektronisch pati{\"e}ntendossier: Struikelblokken en aandachtspunten bij het invoeren van een EPD},
	author={Mies, Rob},
	year={2010},
	school={Open Universiteit Nederland}
}

@Article{Bokma2007,
	author="Bokma, J. A.
	and de Winter, J. P.
	and Bouquet, M.",
	title="Het elektronisch pati{\"e}ntendossier: praktijkervaringen en veiligheidsaspecten",
	journal="Tijdschrift voor kindergeneeskunde",
	year="2007",
	month="Apr",
	day="01",
	volume="75",
	number="2",
	pages="50--53",
	abstract="In 2002 werd in het Spaarne Ziekenhuis gestart met de ontwikkeling van een elektronisch pati{\"e}ntendossier (epd). Er wordt gebruikgemaakt van het Norma epd. Iedere vakgroep ontwikkelde zijn eigen database en epd-formulieren. Na een ontwerp- en testfase werd het epd gefaseerd ingevoerd, zodat sinds medio 2004 volledig penloos en archiefloos wordt gewerkt. Het Spaarne Ziekenhuis was daarmee het eerste ziekenhuis in Nederland waar volledig elektronisch wordt gewerkt op alle poliklinieken. Aan apparatuur voor ondersteunende technieken worden extra eisen gesteld wat betreft de mogelijkheid van koppeling en synchronisatie met het epd. Voor de groeicurve werd een koppeling gemaakt met de Growth Analyser (Nederlandse Groeistichting). Beveiliging tegen virussen en hackers speelt een belangrijke rol, zoals wij hebben kunnen merken bij een storing in ons computernetwerk veroorzaakt door een virus. De privacy van de pati{\"e}nt en zijn medische gegevens moeten voldoende gewaarborgd kunnen worden. Het is een belangrijk voordeel dat het epd in het hele ziekenhuis beschikbaar is. Voor de pati{\"e}nt betekent dit dat zijn of haar arts altijd en overal toegang heeft tot het medisch dossier. Andere voordelen zijn de flexibiliteit van het systeem en tijdsbesparing bij de correspondentie. Nadelen zijn de afhankelijkheid van het computernetwerk, eisen aan de typevaardigheid en de matige leesbaarheid van gescande dossiers. Invoer van het epd heeft in ons ziekenhuis geleid tot een verandering in het omgaan met medische informatie, 100{\%} beschikbaarheid van het epd is tot norm verheven en heeft tot gevolg dat de arts sneller en beter zorg kan verlenen.",
	issn="1875-6840",
	doi="10.1007/BF03061660",
	url="https://doi.org/10.1007/BF03061660"
}

@article{hamakers2007het,
	title={Het waarborgen van de confidentialiteit van elektronische pati{\"e}ntendossiers},
	author={Hamakers, Alex},
	journal={Diss. Master’s thesis, Radboud University Nijmegen},
	pages={1--90},
	year={2007}
}

@article{groothuis2007het,
	title={Het elektronisch pati{\"e}ntendossier in een veellagige rechtsorde},
	author={Groothuis, MM and others},
	year={2007},
	publisher={Kluwer}
}
